<?xml version="1.0" encoding="UTF-8"?><collection xmlns="http://www.loc.gov/MARC21/slim"><record><leader>00522nam--2200193-i-4500</leader><controlfield tag="001">000023766</controlfield><controlfield tag="002">20161230</controlfield><controlfield tag="005">20161230201035</controlfield><controlfield tag="008">060222s1000------------r-----000-0-ger-d</controlfield><datafield ind1=" " ind2=" " tag="040"><subfield code="a">IFIN-HH</subfield></datafield><datafield ind1=" " ind2=" " tag="041"><subfield code="a">ger</subfield></datafield><datafield ind1=" " ind2=" " tag="080"><subfield code="a">535.533.3</subfield></datafield><datafield ind1="1" ind2=" " tag="100"><subfield code="a">Schiller, Siegfried</subfield></datafield><datafield ind1=" " ind2=" " tag="245"><subfield code="a">Elektronenstrahltechnologie</subfield><subfield code="c">Siegfried schiller; ullrich heisig; siegfried panzer</subfield></datafield><datafield ind1=" " ind2=" " tag="260"><subfield code="a">Berlin</subfield><subfield code="b">Veb Verlag Technik</subfield><subfield code="c">1976</subfield></datafield><datafield ind1=" " ind2=" " tag="300"><subfield code="a">407P</subfield></datafield><datafield ind1="1" ind2=" " tag="700"><subfield code="a">Panzer, Siegfried</subfield></datafield><datafield ind1=" " ind2=" " tag="852"><subfield code="a">45844</subfield><subfield code="c">535</subfield></datafield><datafield ind1=" " ind2=" " tag="CAT"><subfield code="a">Sys</subfield><subfield code="c">20101123</subfield><subfield code="h">103520</subfield></datafield></record></collection>